@article{jonesTFIDF,
  title={A statistical interpretation of term specificity and its application in retrieval},
  author={Jones, Karen Sparck},
  journal={Journal of documentation},
  year={1972},
  publisher={MCB UP Ltd}
}

@inproceedings{robertson_pivot,
  title={Some simple effective approximations to the 2-poisson model for probabilistic weighted retrieval},
  author={Robertson, Stephen E and Walker, Steve},
  booktitle={SIGIRâ€™94},
  pages={232--241},
  year={1994},
  organization={Springer}
}
